% This file was created with JabRef 2.10.
% Encoding: Cp1252


@Article{achenbach1968distribution,
  Title                    = {Distribution of local pressure and skin friction around a circular cylinder in cross-flow up to Re= 5$\times$ 106},
  Author                   = {Achenbach, E},
  Journal                  = {Journal of Fluid Mechanics},
  Year                     = {1968},
  Number                   = {04},
  Pages                    = {625--639},
  Volume                   = {34},

  Publisher                = {Cambridge Univ Press}
}

@Article{allaneau2011connections,
  Title                    = {Connections between the filtered discontinuous Galerkin method and the flux reconstruction approach to high order discretizations},
  Author                   = {Allaneau, Y and Jameson, A},
  Journal                  = {Computer Methods in Applied Mechanics and Engineering},
  Year                     = {2011},
  Number                   = {49},
  Pages                    = {3628--3636},
  Volume                   = {200},

  Publisher                = {Elsevier}
}

@Article{asthana2014high,
  Title                    = {High-Order Flux Reconstruction Schemes with Minimal Dispersion and Dissipation},
  Author                   = {Asthana, Kartikey and Jameson, Antony},
  Journal                  = {Journal of Scientific Computing},
  Year                     = {2014},
  Pages                    = {1--32},

  Publisher                = {Springer}
}

@Article{asthana2014,
  Title                    = {Non-linear stabilization of high-order Flux Reconstruction schemes via Fourier-spectral filtering},
  Author                   = {Asthana, K and L\'opez-Morales, M.R. and Jameson, A},
  Journal                  = {Journal of Computational Physics},
  Year                     = {2014}
}

@InProceedings{bardina1980,
  Title                    = {Improved subgrid-scale models for large-eddy simulation},
  Author                   = {J. Bardina and J.H. Ferziger and W.C. Reynolds},
  Booktitle                = {13th AIAA Fluid and Plasma Dynamics Conference},
  Year                     = {1980},

  Address                  = {Snowmass, Colo., July 14-16, 1980},
  Month                    = jul
}

@Article{beck:12,
  Title                    = {On the accuracy of high-order discretizations for underresolved turbulence simulations},
  Author                   = {Beck, A.D. and Gassner, G.},
  Journal                  = {Theoretical and Computational Fluid Dynamics},
  Year                     = {2012},
  Number                   = {3-4},
  Pages                    = {221-237},
  Volume                   = {27}
}

@Article{blackburn2003,
  Title                    = {Spectral element filtering techniques for large eddy simulation with dynamic estimation},
  Author                   = {Blackburn, H.M. and Schmidt, S.},
  Journal                  = {Journal of Computational Physics},
  Year                     = {2003},
  Pages                    = {610-629},
  Volume                   = {186},

  Date-added               = {2013-09-08 16:33:44 -0700},
  Date-modified            = {2013-09-08 16:34:49 -0700}
}

@InProceedings{breuer1994,
  Title                    = {Large-eddy simulation of turbulent flow through a straight square duct and a 180 bend},
  Author                   = {Breuer, M. and Rodi, W.},
  Booktitle                = {Direct and Large-Eddy Simulation I},
  Year                     = {1994},
  Organization             = {Springer},
  Pages                    = {273--285}
}

@Conference{bull2014a,
  Title                    = {High-Order Flux Reconstruction Schemes for {LES} on Tetrahedral Meshes},
  Author                   = {Bull, J.R. and Jameson, A.},
  Booktitle                = {Notes on Numerical Fluid Mechanics and Multidisciplinary Design, Vol.},
  Year                     = {2014},
  Editor                   = {Haasse, W.},
  Month                    = {May},
  Note                     = {unpublished},
  Publisher                = {Springer}
}

@Conference{bull2014b,
  Title                    = {Simulation of the Compressible {Taylor Green} Vortex using High-Order Flux Reconstruction Schemes},
  Author                   = {Bull, J.R. and Jameson, A.},
  Booktitle                = {AIAA Aviation 2014, 16--20 June, Atlanta, Georgia},
  Year                     = {2014},
  Month                    = {June},
  Note                     = {unpublished}
}

@Article{burgess2012robust,
  Title                    = {Robust computation of turbulent flows using a discontinuous Galerkin method},
  Author                   = {Burgess, Nicholas K and Mavriplis, Dimitri J},
  Journal                  = {AIAA paper},
  Year                     = {2012},
  Volume                   = {457}
}

@Article{carpenter1994fourth,
  Title                    = {Fourth-order 2N-storage Runge-Kutta schemes},
  Author                   = {Carpenter, Mark H and Kennedy, Christopher A},
  Journal                  = {Nasa tm},
  Year                     = {1994},
  Pages                    = {871--885},
  Volume                   = {109112}
}

@Article{castonguay2010simulation,
  Title                    = {Simulation of transitional flow over airfoils using the spectral difference method},
  Author                   = {Castonguay, Patrice and Liang, Chunlei and Jameson, Antony},
  Journal                  = {AIAA paper},
  Year                     = {2010},
  Pages                    = {2010},
  Volume                   = {4626}
}

@Article{castonguay2012new,
  Title                    = {A new class of high-order energy stable flux reconstruction schemes for triangular elements},
  Author                   = {Castonguay, Patrice and Vincent, Peter E and Jameson, Antony},
  Journal                  = {Journal of Scientific Computing},
  Year                     = {2012},
  Number                   = {1},
  Pages                    = {224--256},
  Volume                   = {51},

  Publisher                = {Springer}
}

@Article{castonguay2013energy,
  Title                    = {Energy stable flux reconstruction schemes for advection--diffusion problems},
  Author                   = {Castonguay, P and Williams, DM and Vincent, PE and Jameson, A},
  Journal                  = {Computer Methods in Applied Mechanics and Engineering},
  Year                     = {2013},
  Pages                    = {400--417},
  Volume                   = {267},

  Publisher                = {Elsevier}
}

@InProceedings{castonguay2011,
  Title                    = {On the Development of a High-Order, Multi-GPU Enabled, Compressible Viscous Flow Solver for Mixed Unstructured Grids},
  Author                   = {Castonguay, P. and Williams, D.M. and Vincent, P.E. and L\'opez-Morales, M. R. and Jameson, A.},
  Booktitle                = {AIAA Computational Fluid Dynamics Conference, AIAA-2011-3229},
  Year                     = {2011}
}

@Article{cockburn1990rungeIV,
  Title                    = {The Runge-Kutta local projection discontinuous Galerkin finite element method for conservation laws. IV. The multidimensional case},
  Author                   = {Cockburn, Bernardo and Hou, Suchung and Shu, Chi-Wang},
  Journal                  = {Mathematics of Computation},
  Year                     = {1990},
  Number                   = {190},
  Pages                    = {545--581},
  Volume                   = {54}
}

@Article{cockburn1989tvbIII,
  Title                    = {TVB Runge-Kutta local projection discontinuous Galerkin finite element method for conservation laws III: one-dimensional systems},
  Author                   = {Cockburn, Bernardo and Lin, San-Yih and Shu, Chi-Wang},
  Journal                  = {Journal of Computational Physics},
  Year                     = {1989},
  Number                   = {1},
  Pages                    = {90--113},
  Volume                   = {84},

  Publisher                = {Elsevier}
}

@Article{cockburn2001runge,
  Title                    = {Runge--Kutta discontinuous Galerkin methods for convection-dominated problems},
  Author                   = {Cockburn, Bernardo and Shu, Chi-Wang},
  Journal                  = {Journal of scientific computing},
  Year                     = {2001},
  Number                   = {3},
  Pages                    = {173--261},
  Volume                   = {16},

  Publisher                = {Springer}
}

@Article{cockburn1998local,
  Title                    = {The local discontinuous Galerkin method for time-dependent convection-diffusion systems},
  Author                   = {Cockburn, Bernardo and Shu, Chi-Wang},
  Journal                  = {SIAM Journal on Numerical Analysis},
  Year                     = {1998},
  Number                   = {6},
  Pages                    = {2440--2463},
  Volume                   = {35},

  Publisher                = {SIAM}
}

@Article{cockburn1989tvbII,
  Title                    = {TVB Runge-Kutta local projection discontinuous Galerkin finite element method for conservation laws. II. General framework},
  Author                   = {Cockburn, Bernardo and Shu, Chi-Wang},
  Journal                  = {Mathematics of Computation},
  Year                     = {1989},
  Number                   = {186},
  Pages                    = {411--435},
  Volume                   = {52}
}

@Book{cockburn1989runge,
  Title                    = {The Runge-Kutta local projection P1-discontinuous-Galerkin finite element method for scalar conservation laws},
  Author                   = {Cockburn, Bernardo and Shu, Chi-Wang and Lin, SY},
  Publisher                = {Institute for Mathematics and its Applications (USA)},
  Year                     = {1989}
}

@Article{debonis:13,
  Title                    = {Solutions of the {Taylor-Green} Vortex Problem Using High-Resolution Explicit Finite Difference Methods},
  Author                   = {Debonis, J.R.},
  Journal                  = {AIAA Paper 2013-0382},
  Year                     = {2013}
}

@Article{Bassi00,
  Title                    = {A high order discontinuous galerkin method for compressible turbulent flows},
  Author                   = {F.Bassi and S. Rebay},
  Journal                  = {Springer: Lecture notes in computational science and engineering: Discontinuous Galerkin methods: Theory, Computation, and Application},
  Year                     = {2000},
  Pages                    = {77-88},
  Volume                   = {1}
}

@Article{Bassi97,
  Title                    = {A high-order accurate discontinuous finite element method for the numerical solution of the compressible Navier-Stokes equations},
  Author                   = {F.Bassi and S. Rebay},
  Journal                  = {Journal of Computational Physics},
  Year                     = {1997},
  Pages                    = {267-279},
  Volume                   = {131}
}

@Article{fidkowski2005p,
  Title                    = {p-Multigrid solution of high-order discontinuous Galerkin discretizations of the compressible Navier--Stokes equations},
  Author                   = {Fidkowski, Krzysztof J and Oliver, Todd A and Lu, James and Darmofal, David L},
  Journal                  = {Journal of Computational Physics},
  Year                     = {2005},
  Number                   = {1},
  Pages                    = {92--113},
  Volume                   = {207},

  Publisher                = {Elsevier}
}

@Book{forsythe1977computer,
  Title                    = {Computer methods for mathematical computations},
  Author                   = {Forsythe, George Elmer and Moler, Cleve B and Malcolm, Michael A},
  Publisher                = {Prentice-Hall},
  Year                     = {1977}
}

@Article{galbraith2008implicit,
  Title                    = {Implicit large eddy simulation of low Reynolds number flow past the SD7003 airfoil},
  Author                   = {Galbraith, Marshall and Visbal, Miguel},
  Journal                  = {AIAA paper},
  Year                     = {2008},
  Pages                    = {2008},
  Volume                   = {225}
}

@TechReport{Gao09,
  Title                    = {A High-order Lifting Collocation Penalty Formulation for the Navier-Stokes Equations on 2D Mixed Grids},
  Author                   = {H. Gao and Z. Wang},
  Year                     = {2009},
  Type                     = {AIAA Paper 2009-3784}
}

@Article{gassner2008discontinuous,
  Title                    = {A discontinuous Galerkin scheme based on a space-time expansion II. Viscous flow equations in multi dimensions},
  Author                   = {Gassner, G. and L{\"o}rcher, F. and Munz, C.D.},
  Journal                  = {Journal of Scientific Computing},
  Year                     = {2008},
  Number                   = {3},
  Pages                    = {260--286},
  Volume                   = {34},

  Publisher                = {Springer}
}

@Book{gregory1973low,
  Title                    = {Low-Speed aerodynamic characteristics of NACA 0012 aerofoil section, including the effects of upper-surface roughness simulating hoar frost},
  Author                   = {Gregory, Nigel and O'reilly, CL},
  Publisher                = {HM Stationery Office},
  Year                     = {1973}
}

@Article{guba2014optimization,
  Title                    = {Optimization-based limiters for the spectral element method},
  Author                   = {Guba, Oksana and Taylor, Mark and St-Cyr, Amik},
  Journal                  = {Journal of Computational Physics},
  Year                     = {2014},
  Pages                    = {176--195},
  Volume                   = {267},

  Publisher                = {Elsevier}
}

@Book{hesthaven2007nodal,
  Title                    = {Nodal discontinuous Galerkin methods: algorithms, analysis, and applications},
  Author                   = {Hesthaven, Jan S and Warburton, Tim},
  Publisher                = {Springer Science \& Business Media},
  Year                     = {2007},
  Volume                   = {54}
}

@Article{huynh2007flux,
  Title                    = {A flux reconstruction approach to high-order schemes including discontinuous Galerkin methods},
  Author                   = {Huynh, HT},
  Journal                  = {AIAA paper},
  Year                     = {2007},
  Pages                    = {2007},
  Volume                   = {4079}
}

@Article{huynh2009reconstruction,
  Title                    = {A reconstruction approach to high-order schemes including discontinuous Galerkin for diffusion},
  Author                   = {Huynh, Hung T},
  Journal                  = {AIAA paper},
  Year                     = {2009},
  Pages                    = {2009},
  Volume                   = {403}
}

@Article{J.Han2000,
  Title                    = {Gas Turbine Heat Transfer and Cooling Technology},
  Author                   = {J. Han, S. Dutta, and S. V. Ekkad},
  Year                     = {2000},

  Address                  = {New York},
  Publisher                = {Taylor \& Francis}
}

@Article{jameson2011advances,
  Title                    = {Advances in bringing high-order methods to practical applications in computational fluid dynamics},
  Author                   = {Jameson, Antony},
  Journal                  = {AIAA paper},
  Year                     = {2011},
  Volume                   = {3226}
}

@Article{jameson2010proof,
  Title                    = {A proof of the stability of the spectral difference method for all orders of accuracy},
  Author                   = {Jameson, Antony},
  Journal                  = {Journal of Scientific Computing},
  Year                     = {2010},
  Number                   = {1-3},
  Pages                    = {348--358},
  Volume                   = {45},

  Publisher                = {Springer}
}

@InProceedings{Jameson1991DualTime,
  Title                    = {{Time Dependent Calculations Using Multigrid, with Applications to Unsteady Flows Past Airfoils and Wings}},
  Author                   = {Jameson, Antony},
  Booktitle                = {Proc. 10th Comp. Fluid Dyn. Conf., Honolulu, HI, USA, June 24-26, 1991, AIAA-Paper 91-1596},
  Year                     = {1991}
}

@Article{jameson1981numerical,
  Title                    = {Numerical solutions of the Euler equations by finite volume methods using Runge-Kutta time-stepping schemes},
  Author                   = {Jameson, Antony and Schmidt, Wolfgang and Turkel, Eli and others},
  Journal                  = {AIAA paper},
  Year                     = {1981},
  Pages                    = {1981},
  Volume                   = {1259}
}

@Article{jameson2012non,
  Title                    = {On the non-linear stability of flux reconstruction schemes},
  Author                   = {Jameson, Antony and Vincent, Peter E and Castonguay, Patrice},
  Journal                  = {Journal of Scientific Computing},
  Year                     = {2012},
  Number                   = {2},
  Pages                    = {434--445},
  Volume                   = {50},

  Publisher                = {Springer}
}

@Article{Jefferson-Loveday2010,
  Title                    = {LES of impingement heat transfer on a concave surface},
  Author                   = {Jefferson-Loveday, RJ and Tucker, PG},
  Journal                  = {Numerical Heat Transfer, Part A: Applications},
  Year                     = {2010},
  Number                   = {4},
  Pages                    = {247--271},
  Volume                   = {58},

  Publisher                = {Taylor \& Francis}
}

@Misc{simplexCode,
  Title                    = {Simplex Optimization Algorithm and Implemetation in C++ Programming},

  Author                   = {Botao Jia},
  HowPublished             = {\url{http://www.codeguru.com/cpp/article.php/c17505/Simplex-Optimization-Algorithm-and-Implemetation-in-C-Programming.htm}},
  Note                     = {Accessed: 2015-05-11}
}

@Article{kanevsky2006idempotent,
  Title                    = {Idempotent filtering in spectral and spectral element methods},
  Author                   = {Kanevsky, Alex and Carpenter, Mark H and Hesthaven, Jan S},
  Journal                  = {Journal of Computational Physics},
  Year                     = {2006},
  Number                   = {1},
  Pages                    = {41--58},
  Volume                   = {220},

  Publisher                = {Elsevier}
}

@Article{karamanos2000,
  Title                    = {A spectral vanishing viscosity method for large-eddy simulations},
  Author                   = {Karamanos, G.S. and Karniadakis, G.E.},
  Journal                  = {J.~Comput.~Phys.},
  Year                     = {2000},
  Number                   = {1},
  Pages                    = {22--50},
  Volume                   = {163},

  Publisher                = {Elsevier}
}

@Article{kolmogorov1962refinement,
  Title                    = {A refinement of previous hypotheses concerning the local structure of turbulence in a viscous incompressible fluid at high Reynolds number},
  Author                   = {Kolmogorov, Andrey Nikolaevich},
  Journal                  = {Journal of Fluid Mechanics},
  Year                     = {1962},
  Number                   = {01},
  Pages                    = {82--85},
  Volume                   = {13},

  Publisher                = {Cambridge Univ Press}
}

@Article{Kopriva96,
  Title                    = {A Conservative Staggered-Grid Chebyshev Multidomain Method for Compressible Flows},
  Author                   = {D. A. Kopriva and J. H. Kolias},
  Journal                  = {Journal of Computational Physics},
  Year                     = {1996},
  Pages                    = {244-261},
  Volume                   = {125}
}

@Article{kuzmin2004high,
  Title                    = {High-resolution FEM-TVD schemes based on a fully multidimensional flux limiter},
  Author                   = {Kuzmin, Dmitri and Turek, Stefan},
  Journal                  = {Journal of Computational Physics},
  Year                     = {2004},
  Number                   = {1},
  Pages                    = {131--158},
  Volume                   = {198},

  Publisher                = {Elsevier}
}

@InProceedings{lopez2014verification,
  Title                    = {Verification and Validation of HiFiLES: a High-Order LES unstructured solver on multi-GPU platforms},
  Author                   = {L{\'o}pez-Morales, M and Bull, Jonathan and Crabill, Jacob and Economon, Thomas D and Manosalvas, David and Romero, Joshua and Sheshadri, Abhishek and Watkins, JE and Williams, David and Palacios, Francisco and others},
  Booktitle                = {32nd AIAA applied aerodynamics conference, Atlanta, Georgia, USA},
  Year                     = {2014},
  Pages                    = {16--20}
}

@Article{lopez2015cmfr,
  Title                    = {Flux Reconstruction Schemes with Corrected Fluxes Continuous in $m$ Derivatives},
  Author                   = {L{\'o}pez-Morales, Manuel R and Asthana, Kartikey and Jameson, Antony},
  Journal                  = {in preparation},
  Year                     = {2015}
}

@InProceedings{lopez2015stabilization,
  Title                    = {Stabilization of High-Order Methods for Unstructured Grids with Local Fourier Spectral Filtering: high-Re Simulations in Coarse Meshes},
  Author                   = {L{\'o}pez-Morales, Manuel R and Jameson, Antony},
  Booktitle                = {22nd AIAA Computational Fluid Dynamics Conference},
  Year                     = {2015},
  Pages                    = {2447}
}

@Book{Landau1993,
  Title                    = {Fluid Mechanics (2nd Edition)},
  Author                   = {Landau, L.D. and Lifshitz, E.M.},
  Publisher                = {Pergamon Press},
  Year                     = {1993}
}

@Article{Lee1997,
  Title                    = {Turbulent flow and heat transfer measurements on a curved surface with a fully developed round impinging jet},
  Author                   = {Lee, DH and Chung, YS and Kim, DS},
  Journal                  = {International journal of heat and fluid flow},
  Year                     = {1997},
  Number                   = {1},
  Pages                    = {160--169},
  Volume                   = {18},

  Publisher                = {Elsevier}
}

@Article{Liu2006,
  Title                    = {Spectral difference method for unstructured grids I: basic formulation},
  Author                   = {Liu, Y. and Vinokur, M. and Wang, ZJ},
  Journal                  = {Journal of Computational Physics},
  Year                     = {2006},
  Number                   = {2},
  Pages                    = {780--801},
  Volume                   = {216},

  Publisher                = {Elsevier}
}

@InCollection{liu2006discontinuous,
  Title                    = {Discontinuous spectral difference method for conservation laws on unstructured grids},
  Author                   = {Liu, Yen and Vinokur, Marcel and Wang, ZJ},
  Booktitle                = {Computational Fluid Dynamics 2004},
  Publisher                = {Springer},
  Year                     = {2006},
  Pages                    = {449--454}
}

@Article{lodato2014structural,
  Title                    = {Structural Wall-modeled LES Using a High-order Spectral Difference Scheme for Unstructured Meshes},
  Author                   = {Lodato, Guido and Castonguay, Patrice and Jameson, Antony},
  Journal                  = {Flow, Turbulence and Combustion},
  Year                     = {2014},
  Number                   = {1-2},
  Pages                    = {579--606},
  Volume                   = {92},

  Publisher                = {Springer}
}

@Article{lodato2012b,
  Title                    = {Discrete filter operators for large-eddy simulation using high-order spectral difference methods},
  Author                   = {G. Lodato and P. Castonguay and A. Jameson},
  Journal                  = {Int.~J.~Numer.~Meth.~Fl.},
  Year                     = {2012},
  Volume                   = {in press},

  Bdsk-url-1               = {http://dx.doi.org/10.1002/fld.3740},
  Date-modified            = {2013-09-11 17:04:34 -0700}
}

@Article{lodato2012,
  Title                    = {LES modeling with high-order flux reconstruction and spectral difference schemes},
  Author                   = {Lodato, G. and Jameson, A.},
  Journal                  = {7th International Conference on Computational Fluid Dynamics Proceedings},
  Year                     = {2012}
}

@Article{lodato2009,
  Title                    = {A Compressible Wall-Adapting Similarity Mixed Model for {L}arge-{E}ddy {S}imulation of the Impinging Round Jet},
  Author                   = {G. Lodato and L. Vervisch and P. Domingo},
  Journal                  = {Physics of Fluids},
  Year                     = {2009},
  Number                   = {3},
  Volume                   = {21}
}

@Article{lv2015entropy,
  Title                    = {Entropy-bounded discontinuous Galerkin scheme for Euler equations},
  Author                   = {Lv, Yu and Ihme, Matthias},
  Journal                  = {Journal of Computational Physics},
  Year                     = {2015},
  Pages                    = {715--739},
  Volume                   = {295},

  Publisher                = {Elsevier}
}

@Article{lyn1995,
  Title                    = {A laser-{D}oppler velocimetry study of ensemble-averaged characteristics of the turbulent near wake of a square cylinder},
  Author                   = {Lyn, D.A. and Einav, S. and Rodi, W. and Park, J.H.},
  Journal                  = {J.~Fluid Mech.},
  Year                     = {1995},
  Number                   = {1},
  Pages                    = {285--319},
  Volume                   = {304},

  Publisher                = {Cambridge University Press}
}

@Article{lyn1994,
  Title                    = {The flapping shear layer formed by flow separation from the forward corner of a square cylinder},
  Author                   = {Lyn, D.A. and Rodi, W.},
  Journal                  = {J.~Fluid Mech.},
  Year                     = {1994},
  Pages                    = {353--376},
  Volume                   = {267},

  Publisher                = {Cambridge University Press}
}

@Article{mirzaee2012efficient,
  Title                    = {Efficient implementation of smoothness-increasing accuracy-conserving (SIAC) filters for discontinuous Galerkin solutions},
  Author                   = {Mirzaee, Hanieh and Ryan, Jennifer K and Kirby, Robert M},
  Journal                  = {Journal of Scientific Computing},
  Year                     = {2012},
  Number                   = {1},
  Pages                    = {85--112},
  Volume                   = {52},

  Publisher                = {Springer}
}

@Article{moro2011navier,
  Title                    = {Navier-stokes solution using hybridizable discontinuous galerkin methods},
  Author                   = {Moro, D and Nguyen, NC and Peraire, J},
  Journal                  = {AIAA Paper},
  Year                     = {2011},
  Pages                    = {2011},
  Volume                   = {3407}
}

@Article{nelder1965simplex,
  Title                    = {A simplex method for function minimization},
  Author                   = {Nelder, John A and Mead, Roger},
  Journal                  = {The computer journal},
  Year                     = {1965},
  Number                   = {4},
  Pages                    = {308--313},
  Volume                   = {7},

  Publisher                = {Br Computer Soc}
}

@Article{nguyen2007rans,
  Title                    = {RANS solutions using high order discontinuous Galerkin methods},
  Author                   = {Nguyen, Ngoc Cuong and Persson, Per-Olof and Peraire, Jaime},
  Journal                  = {AIAA Paper},
  Year                     = {2007},
  Pages                    = {2007},
  Volume                   = {914}
}

@Article{nicoud1999,
  Title                    = {Subgrid-Scale Stress Modelling Based on the Square of the Velocity Gradient Tensor},
  Author                   = {F. Nicoud and F. Ducros},
  Journal                  = {Flow, Turbulence and Combustion},
  Year                     = {1999},

  Month                    = {September},
  Number                   = {3},
  Pages                    = {183--200},
  Volume                   = {62}
}

@Article{ol2005comparison,
  Title                    = {Comparison of laminar separation bubble measurements on a low Reynolds number airfoil in three facilities},
  Author                   = {Ol, Michael V and McAuliffe, Brian R and Hanff, Ernest S and Scholz, Ulrich and K{\"a}hler, Christian},
  Journal                  = {AIAA paper},
  Year                     = {2005},
  Number                   = {1},
  Pages                    = {2005},
  Volume                   = {5149}
}

@TechReport{oliver2008high,
  Title                    = {A high-order, adaptive, discontinuous Galerkin finite element method for the Reynolds-averaged Navier-Stokes equations},
  Author                   = {Oliver, Todd A},
  Institution              = {DTIC Document},
  Year                     = {2008}
}

@Article{palacios2013stanford,
  Title                    = {Stanford University Unstructured (SU2): An open-source integrated computational environment for multi-physics simulation and design},
  Author                   = {Palacios, Francisco and Colonno, Michael R and Aranake, Aniket C and Campos, Alejandro and Copeland, Sean R and Economon, Thomas D and Lonkar, Amrita K and Lukaczyk, Trent W and Taylor, Thomas WR and Alonso, Juan J},
  Journal                  = {AIAA Paper},
  Year                     = {2013},
  Pages                    = {2013},
  Volume                   = {287}
}

@InProceedings{palacios14,
  Title                    = {{S}tanford {U}niversity {U}nstructured ({SU}$^2$): Open-source analysis and design technology for turbulent flow},
  Author                   = {Palacios, F. and Economon, T. D. and Aranake, A. C. and Copeland, S. R. and Lonkar, A. K. and Lukaczyk, T. W. and Manosalvas, D. E. and Naik, K. R. and Padron, A. S. and Tracey, B. and Variyar, A. and Alonso, J. J.},
  Booktitle                = {52nd AIAA Aerospace Sciences Meeting},
  Year                     = {2014},

  Address                  = {National Harbor, Maryland},
  Month                    = {January},
  Series                   = {AIAA Paper 2014-0243}
}

@Article{park1998,
  Title                    = {Numerical solutions of flow past a circular cylinder at Reynolds numbers up to 160},
  Author                   = {Park, Jeongyoung and Kwon, Kiyoung and Choi, Haecheon},
  Journal                  = {KSME International Journal},
  Year                     = {1998},
  Number                   = {6},
  Pages                    = {1200-1205},
  Volume                   = {12},

  Doi                      = {10.1007/BF02942594},
  ISSN                     = {1738-494X},
  Keywords                 = {Vortex Shedding; Circular Cylinder; Statistics on the Cylinder Surface},
  Language                 = {English},
  Publisher                = {Korean Society of Mechanical Engineers},
  Url                      = {http://dx.doi.org/10.1007/BF02942594}
}

@Article{Peraire08,
  Title                    = {The Compact Discontinuous Galerkin (CDG) Method for Elliptic Problems},
  Author                   = {J. Peraire and P. Persson},
  Journal                  = {SIAM Journal of Scientific Computing},
  Year                     = {2008},
  Pages                    = {1806-1824},
  Volume                   = {30}
}

@InProceedings{Persson13,
  Title                    = {Shock capturing for high-order discontinuous Galerkin simulation of transient flow problems},
  Author                   = {Persson, Per-Olof},
  Booktitle                = {21st AIAA Computational Fluid Dynamics Conference},
  Year                     = {2013},
  Pages                    = {1--9}
}

@InProceedings{persson2011high,
  Title                    = {High-order LES simulations using implicit-explicit Runge-Kutta schemes},
  Author                   = {Persson, Per-Olof},
  Booktitle                = {Proceedings of the 49th AIAA Aerospace Sciences Meeting and Exhibit, AIAA},
  Year                     = {2011},
  Volume                   = {684}
}

@Article{persson2006sub,
  Title                    = {Sub-cell shock capturing for discontinuous Galerkin methods},
  Author                   = {Persson, Per-Olof and Peraire, Jaime},
  Journal                  = {AIAA paper},
  Year                     = {2006},
  Pages                    = {2006},
  Volume                   = {112}
}

@Article{radespiel2007numerical,
  Title                    = {Numerical and experimental flow analysis of moving airfoils with laminar separation bubbles},
  Author                   = {Radespiel, Rolf E and Windte, Jan and Scholz, Ulrich},
  Journal                  = {AIAA journal},
  Year                     = {2007},
  Number                   = {6},
  Pages                    = {1346--1356},
  Volume                   = {45}
}

@Article{reed73,
  Title                    = {Triangular Mesh Methods for the Neutron Transport Equation},
  Author                   = {Reed, W. H. and Hill, T. R.},
  Journal                  = {Los Alamos Report LA-UR-73-479},
  Year                     = {1973}
}

@Article{Roe81,
  Title                    = {Approximate Riemann Solvers, Parameter Vectors and Difference Schemes},
  Author                   = {P. L. Roe},
  Journal                  = {Journal of Computational Physics},
  Year                     = {1981},
  Pages                    = {357-372},
  Volume                   = {43}
}

@Article{roshko1961experiments,
  Title                    = {Experiments on the flow past a circular cylinder at very high Reynolds number},
  Author                   = {Roshko, Anatol},
  Journal                  = {Journal of Fluid Mechanics},
  Year                     = {1961},
  Number                   = {03},
  Pages                    = {345--356},
  Volume                   = {10},

  Publisher                = {Cambridge Univ Press}
}

@TechReport{salari2000code,
  Title                    = {Code verification by the method of manufactured solutions},
  Author                   = {Salari, Kambiz and Knupp, Patrick},
  Institution              = {Sandia National Labs., Albuquerque, NM (US); Sandia National Labs., Livermore, CA (US)},
  Year                     = {2000}
}

@Article{Sheshadri2014,
  Title                    = {Shock detection and capturing methods for high order Discontinuous-Galerkin Finite Element Methods},
  Author                   = {Sheshadri, Abhishek and Jameson, Antony},
  Journal                  = {32nd AIAA Applied Aerodynamics Conference},
  Year                     = {2014}
}

@Article{smagorinsky1963,
  Title                    = {General circulation experiments with the primitive equations},
  Author                   = {Smagorinsky, J.},
  Journal                  = {Monthly Weather Review},
  Year                     = {1963},
  Number                   = {3},
  Pages                    = {99--164},
  Volume                   = {91},

  Date-added               = {2012-01-26 15:47:51 +0000},
  Date-modified            = {2012-10-30 10:46:08 +0000},
  Publisher                = {American Meteorological Society}
}

@Article{spalart1992one,
  Title                    = {A one-equation turbulence model for aerodynamic flows},
  Author                   = {Spalart, P and Allmaras, S},
  Journal                  = {30th AIAA Aerospace Sciences Meeting \& Exhibit},
  Year                     = {1992}
}

@Article{steffen2008investigation,
  Title                    = {Investigation of smoothness-increasing accuracy-conserving filters for improving streamline integration through discontinuous fields},
  Author                   = {Steffen, Michael and Curtis, Sean and Kirby, Robert M and Ryan, Jennifer K},
  Journal                  = {Visualization and Computer Graphics, IEEE Transactions on},
  Year                     = {2008},
  Number                   = {3},
  Pages                    = {680--692},
  Volume                   = {14},

  Publisher                = {IEEE}
}

@Article{uranga2011implicit,
  Title                    = {Implicit Large Eddy Simulation of transition to turbulence at low Reynolds numbers using a Discontinuous Galerkin method},
  Author                   = {Uranga, A and Persson, P-O and Drela, M and Peraire, J},
  Journal                  = {International Journal for Numerical Methods in Engineering},
  Year                     = {2011},
  Number                   = {1-5},
  Pages                    = {232--261},
  Volume                   = {87},

  Publisher                = {Wiley Online Library}
}

@Article{vasilyev1998,
  Title                    = {A General Class of Commutative Filters for LES in Complex Geometries},
  Author                   = {Vasilyev, O. V. and Lund, Thomas S. and Moin, Parviz},
  Journal                  = {Journal of Computational Physics},
  Year                     = {1998},
  Pages                    = {82-104},
  Volume                   = {146},

  Date-added               = {2011-11-16 21:08:39 +0000},
  Date-modified            = {2011-11-16 21:09:53 +0000}
}

@Article{vasilyev2001,
  Title                    = {Construction of Commutative Filters for {LES} on Unstructured Meshes},
  Author                   = {Vasilyev, O. V. and Marsden, A. L. and Moin, P.},
  Journal                  = {Journal of Computational Physics},
  Year                     = {2002},
  Pages                    = {584-603},
  Volume                   = {175},

  Date-added               = {2012-08-18 14:34:24 +0100},
  Date-modified            = {2012-08-18 14:35:35 +0100}
}

@Article{vincent2011facilitating,
  Title                    = {Facilitating the adoption of unstructured high-order methods amongst a wider community of fluid dynamicists},
  Author                   = {Vincent, PE and Jameson, A},
  Journal                  = {Mathematical Modelling of Natural Phenomena},
  Year                     = {2011},
  Number                   = {03},
  Pages                    = {97--140},
  Volume                   = {6},

  Publisher                = {Cambridge Univ Press}
}

@Article{vincent2011insights,
  Title                    = {Insights from von Neumann analysis of high-order flux reconstruction schemes},
  Author                   = {Vincent, Peter E and Castonguay, Patrice and Jameson, Antony},
  Journal                  = {Journal of Computational Physics},
  Year                     = {2011},
  Number                   = {22},
  Pages                    = {8134--8154},
  Volume                   = {230},

  Publisher                = {Elsevier}
}

@Article{vincent2011new,
  Title                    = {A new class of high-order energy stable flux reconstruction schemes},
  Author                   = {Vincent, Peter E and Castonguay, Patrice and Jameson, Antony},
  Journal                  = {Journal of Scientific Computing},
  Year                     = {2011},
  Number                   = {1},
  Pages                    = {50--72},
  Volume                   = {47},

  Publisher                = {Springer}
}

@Article{visbal2009high,
  Title                    = {High-fidelity simulations of moving and flexible airfoils at low Reynolds numbers},
  Author                   = {Visbal, Miguel R and Gordnier, Raymond E and Galbraith, Marshall C},
  Journal                  = {Experiments in Fluids},
  Year                     = {2009},
  Number                   = {5},
  Pages                    = {903--922},
  Volume                   = {46},

  Publisher                = {Springer}
}

@Article{visbal2003implicit,
  Title                    = {An implicit LES approach based on high-order compact differencing and filtering schemes},
  Author                   = {Visbal, Miguel R and Morgan, PE and Rizzetta, DP},
  Journal                  = {AIAA paper},
  Year                     = {2003},
  Pages                    = {2003},
  Volume                   = {4098}
}

@Article{walfisch2009one,
  Title                    = {One-sided smoothness-increasing accuracy-conserving filtering for enhanced streamline integration through discontinuous fields},
  Author                   = {Walfisch, David and Ryan, Jennifer K and Kirby, Robert M and Haimes, Robert},
  Journal                  = {Journal of Scientific Computing},
  Year                     = {2009},
  Number                   = {2},
  Pages                    = {164--184},
  Volume                   = {38},

  Publisher                = {Springer}
}

@Article{wang2013high,
  Title                    = {High-order CFD methods: current status and perspective},
  Author                   = {Wang, ZJ and Fidkowski, Krzysztof and Abgrall, R{\'e}mi and Bassi, Francesco and Caraeni, Doru and Cary, Andrew and Deconinck, Herman and Hartmann, Ralf and Hillewaert, Koen and Huynh, HT and others},
  Journal                  = {International Journal for Numerical Methods in Fluids},
  Year                     = {2013},
  Number                   = {8},
  Pages                    = {811--845},
  Volume                   = {72},

  Publisher                = {Wiley Online Library}
}

@Article{Wang2006,
  Title                    = {Extension of the spectral volume method to high-order boundary representation},
  Author                   = {Wang, Z.J. and Liu, Y.},
  Journal                  = {Journal of Computational Physics},
  Year                     = {2006},
  Number                   = {1},
  Pages                    = {154--178},
  Volume                   = {211},

  Publisher                = {Elsevier}
}

@Article{wang2007spectral,
  Title                    = {Spectral difference method for unstructured grids II: extension to the Euler equations},
  Author                   = {Wang, ZJ and Liu, Yen and May, Georg and Jameson, Antony},
  Journal                  = {Journal of Scientific Computing},
  Year                     = {2007},
  Number                   = {1},
  Pages                    = {45--71},
  Volume                   = {32},

  Publisher                = {Springer}
}

@Article{wang2002spectral,
  Title                    = {Spectral (finite) volume method for conservation laws on unstructured grids. basic formulation: Basic formulation},
  Author                   = {Wang, Zhi Jian},
  Journal                  = {Journal of Computational Physics},
  Year                     = {2002},
  Number                   = {1},
  Pages                    = {210--251},
  Volume                   = {178},

  Publisher                = {Elsevier}
}

@InProceedings{white2015investigation,
  Title                    = {Investigation of shock/turbulent boundary interaction unsteadiness with various obstructions},
  Author                   = {White, Michael D and Visbal, Miguel R},
  Booktitle                = {46th AIAA Plasmadynamics and Lasers Conference},
  Year                     = {2015},
  Pages                    = {3250}
}

@Book{wilcox1998turbulence,
  Title                    = {Turbulence modeling for CFD},
  Author                   = {Wilcox, David C},
  Publisher                = {DCW industries La Canada, CA},
  Year                     = {1998},
  Volume                   = {2}
}

@Article{williams2013tri,
  Title                    = {Energy Stable Flux Reconstruction Schemes for Advection-Diffusion Problems on Triangles},
  Author                   = {Williams, DM and Castonguay, P and Vincent, PE and Jameson, A},
  Journal                  = {Journal of Computational Physics},
  Year                     = {2013},

  Publisher                = {Elsevier}
}

@Article{Williams2011,
  Title                    = {An extension of energy stable flux reconstruction to unsteady, non-linear, viscous problems on mixed grids},
  Author                   = {Williams, D.M. and Castonguay, P. and Vincent, P.E. and Jameson, A.},
  Journal                  = {20th AIAA Computational Fluid Dynamics Conference Proceedings},
  Year                     = {2011}
}

@Article{williams2013tet,
  Title                    = {Energy Stable Flux Reconstruction Schemes for Advection--Diffusion Problems on Tetrahedra},
  Author                   = {Williams, DM and Jameson, A},
  Journal                  = {Journal of Scientific Computing},
  Year                     = {2013},
  Pages                    = {1--39},

  Publisher                = {Springer}
}

@PhdThesis{williams2013thesis,
  Title                    = {Energy Stable High-Order Methods for Simulating Unsteady, Viscous, Compressible Flows on Unstructured Grids},
  Author                   = {Williams, D. M.},
  School                   = {Stanford University},
  Year                     = { 2013}
}

@Article{zdravkovich1997flow,
  Title                    = {Flow around Circular Cylinders; Vol. I Fundamentals},
  Author                   = {Zdravkovich, MM},
  Journal                  = {Journal of Fluid Mechanics},
  Year                     = {1997},
  Number                   = {1},
  Pages                    = {377--378},
  Volume                   = {350},

  Publisher                = {Cambridge University Press}
}

@article{geuzaine2009gmsh,
  title={Gmsh: A 3-D finite element mesh generator with built-in pre-and post-processing facilities},
  author={Geuzaine, Christophe and Remacle, Jean-Fran{\c{c}}ois},
  journal={International Journal for Numerical Methods in Engineering},
  volume={79},
  number={11},
  pages={1309--1331},
  year={2009},
  publisher={Wiley Online Library}
}

@article{roe1981approximate,
  title={Approximate Riemann solvers, parameter vectors, and difference schemes},
  author={Roe, Philip L},
  journal={Journal of computational physics},
  volume={43},
  number={2},
  pages={357--372},
  year={1981},
  publisher={Elsevier}
}

@article{einfeldt1991godunov,
  title={On Godunov-type methods near low densities},
  author={Einfeldt, Bernd and Munz, Claus-Dieter and Roe, Philip L and Sj{\"o}green, Bj{\"o}rn},
  journal={Journal of computational physics},
  volume={92},
  number={2},
  pages={273--295},
  year={1991},
  publisher={Elsevier}
}

@article{wang2015arbitrary,
  title={Arbitrary high order discontinuous Galerkin schemes based on the GRP method for compressible Euler equations},
  author={Wang, Yue and Wang, Shuanghu},
  journal={Journal of Computational Physics},
  volume={298},
  pages={113--124},
  year={2015},
  publisher={Elsevier}
}

@article{solvers1997numerical,
  title={Numerical Methods for Fluid Dynamics},
  author={Solvers, Riemann},
  journal={A Practical Introduction},
  volume={1},
  pages={605},
  year={1997}
}

@article{hudson2006review,
  title={A Review on the Numerical Solution of the 1D Euler equations},
  author={Hudson, Justin},
  year={2006}
}

@article{einfeldt1988godunov,
  title={On Godunov-type methods for gas dynamics},
  author={Einfeldt, Bernd},
  journal={SIAM Journal on Numerical Analysis},
  volume={25},
  number={2},
  pages={294--318},
  year={1988},
  publisher={SIAM}
}

@article{liou1996sequel,
  title={A sequel to ausm: Ausm+},
  author={Liou, Meng-Sing},
  journal={Journal of computational Physics},
  volume={129},
  number={2},
  pages={364--382},
  year={1996},
  publisher={Elsevier}
}

@article{lv2015entropy,
  title={Entropy-bounded discontinuous Galerkin scheme for Euler equations},
  author={Lv, Yu and Ihme, Matthias},
  journal={Journal of Computational Physics},
  volume={295},
  pages={715--739},
  year={2015},
  publisher={Elsevier}
}

@techreport{beaudan1994numerical,
  title={Numerical experiments on the flow past a circular cylinder at sub-critical Reynolds number},
  author={Beaudan, Patrick and Moin, Parviz},
  year={1994},
  institution={DTIC Document}
}

@article{breuer1998large,
  title={Large eddy simulation of the subcritical flow past a circular cylinder: numerical and modeling aspects},
  author={Breuer, Michael},
  journal={International Journal for Numerical Methods in Fluids},
  volume={28},
  number={9},
  pages={1281--1302},
  year={1998}
}

@article{catalano2003numerical,
  title={Numerical simulation of the flow around a circular cylinder at high Reynolds numbers},
  author={Catalano, Pietro and Wang, Meng and Iaccarino, Gianluca and Moin, Parviz},
  journal={International Journal of Heat and Fluid Flow},
  volume={24},
  number={4},
  pages={463--469},
  year={2003},
  publisher={Elsevier}
}