@book{han2001,
  title={Gas turbine heat transfer and cooling technology},
  author={Han, J.C.},
  year={2001},
  publisher={Taylor \& Francis}
}

@article{jefferson2010,
  title={LES of impingement heat transfer on a concave surface},
  author={Jefferson-Loveday, RJ and Tucker, PG},
  journal={Numerical Heat Transfer, Part A: Applications},
  volume={58},
  number={4},
  pages={247--271},
  year={2010},
  publisher={Taylor \& Francis}
}
@article{lee1997,
  title={Turbulent flow and heat transfer measurements on a curved surface with a fully developed round impinging jet},
  author={Lee, DH and Chung, YS and Kim, DS},
  journal={International journal of heat and fluid flow},
  volume={18},
  number={1},
  pages={160--169},
  year={1997},
  publisher={Elsevier}
}

@article{wang2006,
  title={Extension of the spectral volume method to high-order boundary representation},
  author={Wang, Z.J. and Liu, Y.},
  journal={Journal of Computational Physics},
  volume={211},
  number={1},
  pages={154--178},
  year={2006},
  publisher={Elsevier}
}

@article{williams2011,
  title={An extension of energy stable flux reconstruction to unsteady, non-linear, viscous problems on mixed grids},
  author={Williams, D.M. and Castonguay, P. and Vincent, P.E. and Jameson, A.},
  journal={20th AIAA Computational Fluid Dynamics Conference Proceedings},
  year={2011}
}

@article{gassner2008discontinuous,
  title={A discontinuous Galerkin scheme based on a space-time expansion II. Viscous flow equations in multi dimensions},
  author={Gassner, G. and L{\"o}rcher, F. and Munz, C.D.},
  journal={Journal of Scientific Computing},
  volume={34},
  number={3},
  pages={260--286},
  year={2008},
  publisher={Springer}
}

@article{lodato2012,
  title={LES modeling with high-order flux reconstruction and spectral difference schemes},
  author={Lodato, G. and Jameson, A.}
  journal={7th International Conference on Computational Fluid Dynamics Proceedings},
  year = {2012}
}

@inproceedings{castonguay2011,
  title={On the Development of a High-Order, Multi-GPU Enabled, Compressible Viscous Flow Solver for Mixed Unstructured Grids},
  author={Castonguay, P. and Williams, D.M. and Vincent, P.E. and L\'opez-Morales, M. R. and Jameson, A.},
  booktitle={AIAA Computational Fluid Dynamics Conference, AIAA-2011-3229},
  year={2011}
}

@article{huynh2007,
  title={A flux reconstruction approach to high-order schemes including discontinuous Galerkin methods},
  author={Huynh, HT},
  journal={AIAA paper},
  volume={4079},
  pages={2007},
  year={2007}
}

@book{hesthaven2007,
  title={Nodal discontinuous Galerkin methods: algorithms, analysis, and applications},
  author={Hesthaven, J.S. and Warburton, T.},
  volume={54},
  year={2007},
  publisher={Springer}
}


@article{liu2006,
  title={Spectral difference method for unstructured grids I: basic formulation},
  author={Liu, Y. and Vinokur, M. and Wang, ZJ},
  journal={Journal of Computational Physics},
  volume={216},
  number={2},
  pages={780--801},
  year={2006},
  publisher={Elsevier}
}

@article{vincent2011new,
  title={A new class of high-order energy stable flux reconstruction schemes},
  author={Vincent, Peter E and Castonguay, Patrice and Jameson, Antony},
  journal={Journal of Scientific Computing},
  volume={47},
  number={1},
  pages={50--72},
  year={2011},
  publisher={Springer}
}

@article{castonguay2012new,
  title={A new class of high-order energy stable flux reconstruction schemes for triangular elements},
  author={Castonguay, Patrice and Vincent, Peter E and Jameson, Antony},
  journal={Journal of Scientific Computing},
  volume={51},
  number={1},
  pages={224--256},
  year={2012},
  publisher={Springer}
}

@article{williams2013tri,
  title={Energy Stable Flux Reconstruction Schemes for Advection-Diffusion Problems on Triangles},
  author={Williams, DM and Castonguay, P and Vincent, PE and Jameson, A},
  journal={Journal of Computational Physics},
  year={2013},
  publisher={Elsevier}
}

@article{williams2013tet,
  title={Energy Stable Flux Reconstruction Schemes for Advection--Diffusion Problems on Tetrahedra},
  author={Williams, DM and Jameson, A},
  journal={Journal of Scientific Computing},
  pages={1--39},
  year={2013},
  publisher={Springer}
}

@article{fidkowski2005p,
  title={p-Multigrid solution of high-order discontinuous Galerkin discretizations of the compressible Navier--Stokes equations},
  author={Fidkowski, Krzysztof J and Oliver, Todd A and Lu, James and Darmofal, David L},
  journal={Journal of Computational Physics},
  volume={207},
  number={1},
  pages={92--113},
  year={2005},
  publisher={Elsevier}
}

@inproceedings{Jameson1991DualTime,
    author = {Jameson, Antony},
    booktitle = {Proc. 10th Comp. Fluid Dyn. Conf., Honolulu, HI, USA, June 24-26, 1991, AIAA-Paper 91-1596},
    title = {{Time Dependent Calculations Using Multigrid, with Applications to Unsteady Flows Past Airfoils and Wings}},
    year = {1991}
}

@unpublished{bull2013a,
        Author = {Bull, J.R. and Jameson, A.},
        Date-Added = {2013-11-13 21:30:30 +0000},
        Date-Modified = {2013-11-13 21:31:31 +0000},
        Month = {November},
        Note = {unpublished},
        Title = {On the use of high-order {Flux Reconstruction} schemes for implicit large eddy simulation of turbulent flows},
        Year = {2013}
}

@phdthesis{williams2013thesis,
author={Williams, D. M.},
title={Energy Stable High-Order Methods for Simulating Unsteady, Viscous, Compressible Flows on Unstructured Grids},
school={Stanford University},
year={ 2013}
}

@article{smagorinsky1963,
        Author = {Smagorinsky, J.},
        Date-Added = {2012-01-26 15:47:51 +0000},
        Date-Modified = {2012-10-30 10:46:08 +0000},
        Journal = {Monthly Weather Review},
        Number = {3},
        Pages = {99--164},
        Publisher = {American Meteorological Society},
        Title = {General circulation experiments with the primitive equations},
        Volume = {91},
        Year = {1963}}


%WALE:

@article{nicoud1999,
        Author = {F. Nicoud and F. Ducros},
        Journal = FTC,
        Month = sep,
        Number = 3,
        Pages = {183--200},
        Title = {Subgrid-Scale Stress Modelling Based on the Square of the Velocity Gradient Tensor},
        Volume = 62,
        Year = 1999}


%WSM:

@article{lodato2009,
        Author = {G. Lodato and L. Vervisch and P. Domingo},
        Journal = POF,
        Number = 3,
        Title = {A Compressible Wall-Adapting Similarity Mixed Model for {L}arge-{E}ddy {S}imulation of the Impinging Round Jet},
        Volume = 21,
        Year = 2009}


%SVV:

@article{karamanos2000,
        Author = {Karamanos, G.S. and Karniadakis, G.E.},
        Journal = {J.~Comput.~Phys.},
        Number = {1},
        Pages = {22--50},
        Publisher = {Elsevier},
        Title = {A spectral vanishing viscosity method for large-eddy simulations},
        Volume = {163},
        Year = {2000}
        }


%Vasilyev:

@article{vasilyev1998,
        Author = {Vasilyev, O. V. and Lund, Thomas S. and Moin, Parviz},
        Date-Added = {2011-11-16 21:08:39 +0000},
        Date-Modified = {2011-11-16 21:09:53 +0000},
        Journal = {Journal of Computational Physics},
        Pages = {82-104},
        Title = {A General Class of Commutative Filters for LES in Complex Geometries},
        Volume = {146},
        Year = {1998}
        }

@article{vasilyev2001,
        Author = {Vasilyev, O. V. and Marsden, A. L. and Moin, P.},
        Date-Added = {2012-08-18 14:34:24 +0100},
        Date-Modified = {2012-08-18 14:35:35 +0100},
        Journal = {Journal of Computational Physics},
        Pages = {584-603},
        Title = {Construction of Commutative Filters for {LES} on Unstructured Meshes},
        Volume = {175},
        Year = {2002}
        }


%Discrete Gaussian:

@article{lodato2012b,
        Author = {G. Lodato and P. Castonguay and A. Jameson},
        Date-Modified = {2013-09-11 17:04:34 -0700},
        Journal = {Int.~J.~Numer.~Meth.~Fl.},
        Title = {Discrete filter operators for large-eddy simulation using high-order spectral difference methods},
        Volume = {in press},
        Year = {2012},
        Bdsk-Url-1 = {http://dx.doi.org/10.1002/fld.3740}
        }


%Modal Vandermonde:

@article{blackburn2003,
        Author = {Blackburn, H.M. and Schmidt, S.},
        Date-Added = {2013-09-08 16:33:44 -0700},
        Date-Modified = {2013-09-08 16:34:49 -0700},
        Journal = {Journal of Computational Physics},
        Pages = {610-629},
        Title = {Spectral element filtering techniques for large eddy simulation with dynamic estimation},
        Volume = {186},
        Year = {2003}
        }    
        
        
@article{huynh2007flux,
  title={A flux reconstruction approach to high-order schemes including discontinuous Galerkin methods},
  author={Huynh, HT},
  journal={AIAA paper},
  volume={4079},
  pages={2007},
  year={2007}
}

@article{huynh2009reconstruction,
  title={A reconstruction approach to high-order schemes including discontinuous Galerkin for diffusion},
  author={Huynh, HT},
  journal={AIAA paper},
  volume={403},
  pages={2009},
  year={2009}
}

@TechReport{Persson06,
  author = 	 {P. Persson and J. Peraire},
  title = 	 {Sub-Cell Shock Capturing for Discontinuous Galerkin Methods},
  year = 	 2006,
}

@article{castonguay2013,
  title={Energy stable flux reconstruction schemes for advection--diffusion problems},
  author={Castonguay, P and Williams, DM and Vincent, PE and Jameson, A},
  journal={Computer Methods in Applied Mechanics and Engineering},
  volume={267},
  pages={400--417},
  year={2013},
  publisher={Elsevier}
}

@article{asthana2014,
  title={Non-linear stabilization of high-order Flux Reconstruction schemes via Fourier-spectral filtering},
  author={Asthana, K and L\'opez-Morales, M.R. and Jameson, A},
  journal={in review at Journal of Computational Physics},
    year={2014}
}

@article{sheshadri2014shock,
  title={Shock detection and capturing methods for high order Discontinuous-Galerkin Finite Element Methods},
  author={Sheshadri, Abhishek and Jameson, Antony},
  year={2014}
}

@article{jameson1981numerical,
  title={Numerical solutions of the Euler equations by finite volume methods using Runge-Kutta time-stepping schemes},
  author={Jameson, Antony and Schmidt, Wolfgang and Turkel, Eli and others},
  journal={AIAA paper},
  volume={1259},
  pages={1981},
  year={1981}
}

@article{kanevsky2006idempotent,
  title={Idempotent filtering in spectral and spectral element methods},
  author={Kanevsky, Alex and Carpenter, Mark H and Hesthaven, Jan S},
  journal={Journal of Computational Physics},
  volume={220},
  number={1},
  pages={41--58},
  year={2006},
  publisher={Elsevier}
}

@article{mirzaee2012efficient,
  title={Efficient implementation of smoothness-increasing accuracy-conserving (SIAC) filters for discontinuous Galerkin solutions},
  author={Mirzaee, Hanieh and Ryan, Jennifer K and Kirby, Robert M},
  journal={Journal of Scientific Computing},
  volume={52},
  number={1},
  pages={85--112},
  year={2012},
  publisher={Springer}
}

@article{steffen2008investigation,
  title={Investigation of smoothness-increasing accuracy-conserving filters for improving streamline integration through discontinuous fields},
  author={Steffen, Michael and Curtis, Sean and Kirby, Robert M and Ryan, Jennifer K},
  journal={Visualization and Computer Graphics, IEEE Transactions on},
  volume={14},
  number={3},
  pages={680--692},
  year={2008},
  publisher={IEEE}
}

@article{walfisch2009one,
  title={One-sided smoothness-increasing accuracy-conserving filtering for enhanced streamline integration through discontinuous fields},
  author={Walfisch, David and Ryan, Jennifer K and Kirby, Robert M and Haimes, Robert},
  journal={Journal of Scientific Computing},
  volume={38},
  number={2},
  pages={164--184},
  year={2009},
  publisher={Springer}
}

@article{forsythe1977computer,
  title={Computer methods for mathematical computations},
  author={Forsythe, George Elmer and Moler, Cleve B and Malcolm, Michael A},
  year={1977},
  publisher={Prentice-Hall}
}

@article{nelder1965simplex,
  title={A simplex method for function minimization},
  author={Nelder, John A and Mead, Roger},
  journal={The computer journal},
  volume={7},
  number={4},
  pages={308--313},
  year={1965},
  publisher={Br Computer Soc}
}
@online{simplexCode,
  author={Botao Jia},
  title = {Simplex Optimization Algorithm and Implemetation in C++ Programming},
  howpublished = {\url{http://www.codeguru.com/cpp/article.php/c17505/Simplex-Optimization-Algorithm-and-Implemetation-in-C-Programming.htm}},
  note = {Accessed: 2015-05-11}
}

@article{lopez2014verification,
  title={Verification and Validation of HiFiLES: a High-Order LES unstructured solver on multi-GPU platforms},
  author={L{\'o}pez-Morales, Manuel R and Bull, Jonathan and Crabill, Jacob and Economon, Thomas D and Manosalvas, David and Romero, Joshua and Sheshadri, Abhishek and Watkins II, Jerry E and Williams, David and Palacios, Francisco and others},
  year={2014}
}

@article{carpenter1994fourth,
  title={Fourth-order 2N-storage Runge-Kutta schemes},
  author={Carpenter, Mark H and Kennedy, Christopher A},
  year={1994}
}

@article{cockburn1998local,
  title={The local discontinuous Galerkin method for time-dependent convection-diffusion systems},
  author={Cockburn, Bernardo and Shu, Chi-Wang},
  journal={SIAM Journal on Numerical Analysis},
  volume={35},
  number={6},
  pages={2440--2463},
  year={1998},
  publisher={SIAM}
}

@article{achenbach1968distribution,
  title={Distribution of local pressure and skin friction around a circular cylinder in cross-flow up to Re= 5$\times$ 106},
  author={Achenbach, E},
  journal={Journal of Fluid Mechanics},
  volume={34},
  number={04},
  pages={625--639},
  year={1968},
  publisher={Cambridge Univ Press}
}

@article{roshko1961experiments,
  title={Experiments on the flow past a circular cylinder at very high Reynolds number},
  author={Roshko, Anatol},
  journal={Journal of Fluid Mechanics},
  volume={10},
  number={03},
  pages={345--356},
  year={1961},
  publisher={Cambridge Univ Press}
}

@article{persson2006sub,
  title={Sub-cell shock capturing for discontinuous Galerkin methods},
  author={Persson, Per-Olof and Peraire, Jaime},
  journal={AIAA paper},
  volume={112},
  pages={2006},
  year={2006}
}

@article{sheshadri2014shock,
  title={Shock detection and capturing methods for high order Discontinuous-Galerkin Finite Element Methods},
  author={Sheshadri, Abhishek and Jameson, Antony},
  year={2014}
}

@article{kolmogorov1962refinement,
  title={A refinement of previous hypotheses concerning the local structure of turbulence in a viscous incompressible fluid at high Reynolds number},
  author={Kolmogorov, Andrey Nikolaevich},
  journal={Journal of Fluid Mechanics},
  volume={13},
  number={01},
  pages={82--85},
  year={1962},
  publisher={Cambridge Univ Press}
}

@article{vincent2011facilitating,
  title={Facilitating the adoption of unstructured high-order methods amongst a wider community of fluid dynamicists},
  author={Vincent, PE and Jameson, A},
  journal={Mathematical Modelling of Natural Phenomena},
  volume={6},
  number={03},
  pages={97--140},
  year={2011},
  publisher={Cambridge Univ Press}
}

@article{kuzmin2004high,
  title={High-resolution FEM-TVD schemes based on a fully multidimensional flux limiter},
  author={Kuzmin, Dmitri and Turek, Stefan},
  journal={Journal of Computational Physics},
  volume={198},
  number={1},
  pages={131--158},
  year={2004},
  publisher={Elsevier}
}

@article{nguyen2007rans,
  title={RANS solutions using high order discontinuous Galerkin methods},
  author={Nguyen, Ngoc Cuong and Persson, Per-Olof and Peraire, Jaime},
  journal={AIAA Paper},
  volume={914},
  pages={2007},
  year={2007}
}

@article{lodato2014structural,
  title={Structural Wall-modeled LES Using a High-order Spectral Difference Scheme for Unstructured Meshes},
  author={Lodato, Guido and Castonguay, Patrice and Jameson, Antony},
  journal={Flow, Turbulence and Combustion},
  volume={92},
  number={1-2},
  pages={579--606},
  year={2014},
  publisher={Springer}
}

@article{guba2014optimization,
  title={Optimization-based limiters for the spectral element method},
  author={Guba, Oksana and Taylor, Mark and St-Cyr, Amik},
  journal={Journal of Computational Physics},
  volume={267},
  pages={176--195},
  year={2014},
  publisher={Elsevier}
}

@article{kuzmin2004high,
  title={High-resolution FEM-TVD schemes based on a fully multidimensional flux limiter},
  author={Kuzmin, Dmitri and Turek, Stefan},
  journal={Journal of Computational Physics},
  volume={198},
  number={1},
  pages={131--158},
  year={2004},
  publisher={Elsevier}
}

@article{vincent2011insights,
  title={Insights from von Neumann analysis of high-order flux reconstruction schemes},
  author={Vincent, Peter E and Castonguay, Patrice and Jameson, Antony},
  journal={Journal of Computational Physics},
  volume={230},
  number={22},
  pages={8134--8154},
  year={2011},
  publisher={Elsevier}
}

@article{lv2015entropy,
  title={Entropy-bounded discontinuous Galerkin scheme for Euler equations},
  author={Lv, Yu and Ihme, Matthias},
  journal={Journal of Computational Physics},
  volume={295},
  pages={715--739},
  year={2015},
  publisher={Elsevier}
}