
@article{Jameson10,
  author = 	 {A. Jameson},
  title = 	 {A proof of the stability of the spectral difference method for all orders of accuracy},
  journal = 	 {J. Sci. Comput.},
  year = 	 2010,
}

@article{Vincent10,
  author = 	 {P. Vincent P. Castonguay and A. Jameson},
  title = 	 {A New Class of High-Order Energy Stable Flux Reconstruction Schemes},
  journal = 	 {J. Sci. Comput.},
  year = 	 2010,
}

@TechReport{Huynh07,
  author = 	 {H.T. Huynh},
  title = 	 {A Flux Reconstruction Approach to High-Order Schemes Including the Discontinuous Galerkin Methods},
  year = 	 2007,
  type =	 {AIAA Paper 2007-4079},
}

@TechReport{Huynh09,
  author = 	 {H.T. Huynh},
  title = 	 {A Reconstruction Approach to High-Order Schemes Including Discontinuous Galerkin for Diffusion},
  year = 	 2009,
  type =	 {AIAA Paper 2009-403},
}

@TechReport{Gao09,
  author = 	 {H. Gao and Z. Wang},
  title = 	 {A High-order Lifting Collocation Penalty Formulation for the Navier-Stokes Equations on 2D Mixed Grids},
  year = 	 2009,
  type =	 {AIAA Paper 2009-3784},
}

@article{Cockburn98,
   author =   {B. Cockburn and C. Shu},
   title =    {The Local Discontinuous Galerkin Method for Time-Dependent Convection-Diffusion Systems},
   journal =  {SIAM Journal of Numerical Analysis},
   volume =   {35},
   pages =    {2440-2463},
   year =     1998
}

@article{Peraire08,
   author =   {J. Peraire and P. Persson},
   title =    {The Compact Discontinuous Galerkin (CDG) Method for Elliptic Problems},
   journal =  {SIAM Journal of Scientific Computing},
   volume =   {30},
   pages =    {1806-1824},
   year =     2008
}


@article{Liu06,
  author = 	 {Y. Liu, M. Vinokur, Z. Wang},
  title = 	 {Spectral difference methods for unstructured grids I: basic formulation},
  journal = 	 {Journal of Scientific Computing},
   volume =   {216},
   pages =    {780-801},
   year =     2006
}

@article{Bassi97,
   author =   {F.Bassi and S. Rebay},
   title =    {A high-order accurate discontinuous finite element method for the numerical solution of the compressible Navier-Stokes equations},
   journal =  {Journal of Computational Physics},
   volume =   {131},
   pages =    {267-279},
   year =     1997
}

@article{Bassi00,
   author =   {F.Bassi and S. Rebay},
   title =    {A high order discontinuous galerkin method for compressible turbulent flows},
   journal =  {Springer: Lecture notes in computational science and engineering: Discontinuous Galerkin methods: Theory, Computation, and Application},
   volume =   {1},
   pages =    {77-88},
   year =     2000
}

@article{Hesthaven08,
   author =   {J. Hesthaven and T. Warburton},
   title =    {Nodal Discontinuous Galerkin Methods: Algorithms, Analysis, and Applications},
   journal =  {Springer: Texts in Applied Mathematics},
   volume =   {1},
   pages =    {20-39},
   year =     2000@article{han00,
   author =   	{J. Han, S. Dutta, and S. V. Ekkad},
   title =   	{Gas Turbine Heat Transfer and Cooling Technology},
   publisher =  {Taylor & Francis},
   address = 	{New York},
   year =     	2000
}

}

@article{Kopriva96,
   author =   {D. A. Kopriva and J. H. Kolias},
   title =    {A Conservative Staggered-Grid Chebyshev Multidomain Method for Compressible Flows},
   journal =  {Journal of Computational Physics},
   volume =   {125},
   pages =    {244-261},
   year =     1996
}

@article{Roe81,
   author =   {P. L. Roe},
   title =    {Approximate Riemann Solvers, Parameter Vectors and Difference Schemes},
   journal =  {Journal of Computational Physics},
   volume =   {43},
   pages =    {357-372},
   year =     1981
}

@book{han00,
  title={Gas turbine heat transfer and cooling technology},
  author={Han, J.C.},
  year={2001},
  publisher={Taylor \& Francis}
}







