@book{han2001,
  title={Gas turbine heat transfer and cooling technology},
  author={Han, J.C.},
  year={2001},
  publisher={Taylor \& Francis}
}

@article{jefferson2010,
  title={LES of impingement heat transfer on a concave surface},
  author={Jefferson-Loveday, RJ and Tucker, PG},
  journal={Numerical Heat Transfer, Part A: Applications},
  volume={58},
  number={4},
  pages={247--271},
  year={2010},
  publisher={Taylor \& Francis}
}
@article{lee1997,
  title={Turbulent flow and heat transfer measurements on a curved surface with a fully developed round impinging jet},
  author={Lee, DH and Chung, YS and Kim, DS},
  journal={International journal of heat and fluid flow},
  volume={18},
  number={1},
  pages={160--169},
  year={1997},
  publisher={Elsevier}
}

@article{wang2006,
  title={Extension of the spectral volume method to high-order boundary representation},
  author={Wang, Z.J. and Liu, Y.},
  journal={Journal of Computational Physics},
  volume={211},
  number={1},
  pages={154--178},
  year={2006},
  publisher={Elsevier}
}

@article{williams2011,
  title={An extension of energy stable flux reconstruction to unsteady, non-linear, viscous problems on mixed grids},
  author={Williams, D.M. and Castonguay, P. and Vincent, P.E. and Jameson, A.},
  journal={20th AIAA Computational Fluid Dynamics Conference Proceedings},
  year={2011}
}

@article{gassner2008discontinuous,
  title={A discontinuous Galerkin scheme based on a space-time expansion II. Viscous flow equations in multi dimensions},
  author={Gassner, G. and L{\"o}rcher, F. and Munz, C.D.},
  journal={Journal of Scientific Computing},
  volume={34},
  number={3},
  pages={260--286},
  year={2008},
  publisher={Springer}
}

@article{lodato2012,
  title={LES modeling with high-order flux reconstruction and spectral difference schemes},
  author={Lodato, G. and Jameson, A.}
  journal={7th International Conference on Computational Fluid Dynamics Proceedings},
  year = {2012}
}

@inproceedings{castonguay2011,
  title={On the Development of a High-Order, Multi-GPU Enabled, Compressible Viscous Flow Solver for Mixed Unstructured Grids},
  author={Castonguay, P. and Williams, D.M. and Vincent, P.E. and L\'opez-Morales, M. R. and Jameson, A.},
  booktitle={AIAA Computational Fluid Dynamics Conference, AIAA-2011-3229},
  year={2011}
}

@article{huynh2007,
  title={A flux reconstruction approach to high-order schemes including discontinuous Galerkin methods},
  author={Huynh, HT},
  journal={AIAA paper},
  volume={4079},
  pages={2007},
  year={2007}
}

@book{hesthaven2007,
  title={Nodal discontinuous Galerkin methods: algorithms, analysis, and applications},
  author={Hesthaven, J.S. and Warburton, T.},
  volume={54},
  year={2007},
  publisher={Springer}
}


@article{liu2006,
  title={Spectral difference method for unstructured grids I: basic formulation},
  author={Liu, Y. and Vinokur, M. and Wang, ZJ},
  journal={Journal of Computational Physics},
  volume={216},
  number={2},
  pages={780--801},
  year={2006},
  publisher={Elsevier}
}


@article{Jameson10,
  author = 	 {A. Jameson},
  title = 	 {A proof of the stability of the spectral difference method for all orders of accuracy},
  journal = 	 {J. Sci. Comput.},
  year = 	 2010,
}

@article{Vincent10,
  author = 	 {P. Vincent P. Castonguay and A. Jameson},
  title = 	 {A New Class of High-Order Energy Stable Flux Reconstruction Schemes},
  journal = 	 {J. Sci. Comput.},
  year = 	 2010,
}

@TechReport{Huynh07,
  author = 	 {H.T. Huynh},
  title = 	 {A Flux Reconstruction Approach to High-Order Schemes Including the Discontinuous Galerkin Methods},
  year = 	 2007,
  type =	 {AIAA Paper 2007-4079},
}

@TechReport{Huynh09,
  author = 	 {H.T. Huynh},
  title = 	 {A Reconstruction Approach to High-Order Schemes Including Discontinuous Galerkin for Diffusion},
  year = 	 2009,
  type =	 {AIAA Paper 2009-403},
}

@TechReport{Gao09,
  author = 	 {H. Gao and Z. Wang},
  title = 	 {A High-order Lifting Collocation Penalty Formulation for the Navier-Stokes Equations on 2D Mixed Grids},
  year = 	 2009,
  type =	 {AIAA Paper 2009-3784},
}

@article{Cockburn98,
   author =   {B. Cockburn and C. Shu},
   title =    {The Local Discontinuous Galerkin Method for Time-Dependent Convection-Diffusion Systems},
   journal =  {SIAM Journal of Numerical Analysis},
   volume =   {35},
   pages =    {2440-2463},
   year =     1998
}

@article{cockburn1989tvbII,
  title={TVB Runge-Kutta local projection discontinuous Galerkin finite element method for conservation laws. II. General framework},
  author={Cockburn, Bernardo and Shu, Chi-Wang},
  journal={Mathematics of Computation},
  volume={52},
  number={186},
  pages={411--435},
  year={1989}
}

@article{cockburn1989tvbIII,
  title={TVB Runge-Kutta local projection discontinuous Galerkin finite element method for conservation laws III: one-dimensional systems},
  author={Cockburn, Bernardo and Lin, San-Yih and Shu, Chi-Wang},
  journal={Journal of Computational Physics},
  volume={84},
  number={1},
  pages={90--113},
  year={1989},
  publisher={Elsevier}
}

@article{cockburn1990rungeIV,
  title={The Runge-Kutta local projection discontinuous Galerkin finite element method for conservation laws. IV. The multidimensional case},
  author={Cockburn, Bernardo and Hou, Suchung and Shu, Chi-Wang},
  journal={Mathematics of Computation},
  volume={54},
  number={190},
  pages={545--581},
  year={1990}
}

@book{cockburn1989runge,
  title={The Runge-Kutta local projection P1-discontinuous-Galerkin finite element method for scalar conservation laws},
  author={Cockburn, Bernardo and Shu, Chi-Wang and Lin, SY},
  year={1989},
  publisher={Institute for Mathematics and its Applications (USA)}
}

@article{cockburn2001runge,
  title={Runge--Kutta discontinuous Galerkin methods for convection-dominated problems},
  author={Cockburn, Bernardo and Shu, Chi-Wang},
  journal={Journal of scientific computing},
  volume={16},
  number={3},
  pages={173--261},
  year={2001},
  publisher={Springer}
}

@book{hesthaven2007nodal,
  title={Nodal discontinuous Galerkin methods: algorithms, analysis, and applications},
  author={Hesthaven, Jan S and Warburton, Tim},
  volume={54},
  year={2007},
  publisher={Springer Science \& Business Media}
}

@techreport{kopriva1995conservative,
  title={A Conservative Staggered-Grid Chebyshev Multidomain Method for Compressible Flow.},
  author={Kopriva, David A and Kolias, John H},
  year={1995},
  institution={DTIC Document}
}

@incollection{liu2006discontinuous,
  title={Discontinuous spectral difference method for conservation laws on unstructured grids},
  author={Liu, Yen and Vinokur, Marcel and Wang, ZJ},
  booktitle={Computational Fluid Dynamics 2004},
  pages={449--454},
  year={2006},
  publisher={Springer}
}

@article{wang2007spectral,
  title={Spectral difference method for unstructured grids II: extension to the Euler equations},
  author={Wang, ZJ and Liu, Yen and May, Georg and Jameson, Antony},
  journal={Journal of Scientific Computing},
  volume={32},
  number={1},
  pages={45--71},
  year={2007},
  publisher={Springer}
}

@article{wang2002spectral,
  title={Spectral (finite) volume method for conservation laws on unstructured grids. basic formulation: Basic formulation},
  author={Wang, Zhi Jian},
  journal={Journal of Computational Physics},
  volume={178},
  number={1},
  pages={210--251},
  year={2002},
  publisher={Elsevier}
}

@article{huynh2007flux,
  title={A flux reconstruction approach to high-order schemes including discontinuous Galerkin methods},
  author={Huynh, HT},
  journal={AIAA paper},
  volume={4079},
  pages={2007},
  year={2007}
}

@article{huynh2009reconstruction,
  title={A reconstruction approach to high-order schemes including discontinuous Galerkin for diffusion},
  author={Huynh, Hung T},
  journal={AIAA paper},
  volume={403},
  pages={2009},
  year={2009}
}

@article{vincent2011new,
  title={A new class of high-order energy stable flux reconstruction schemes},
  author={Vincent, Peter E and Castonguay, Patrice and Jameson, Antony},
  journal={Journal of Scientific Computing},
  volume={47},
  number={1},
  pages={50--72},
  year={2011},
  publisher={Springer}
}

@article{jameson2010proof,
  title={A proof of the stability of the spectral difference method for all orders of accuracy},
  author={Jameson, Antony},
  journal={Journal of Scientific Computing},
  volume={45},
  number={1-3},
  pages={348--358},
  year={2010},
  publisher={Springer}
}


@article{castonguay2013energy,
  title={Energy stable flux reconstruction schemes for advection--diffusion problems},
  author={Castonguay, P and Williams, DM and Vincent, PE and Jameson, A},
  journal={Computer Methods in Applied Mechanics and Engineering},
  volume={267},
  pages={400--417},
  year={2013},
  publisher={Elsevier}
}

@article{williams2013energy,
  title={Energy stable flux reconstruction schemes for advection--diffusion problems on triangles},
  author={Williams, DM and Castonguay, Patrice and Vincent, Peter E and Jameson, Antony},
  journal={Journal of Computational Physics},
  volume={250},
  pages={53--76},
  year={2013},
  publisher={Elsevier}
}

@article{castonguay2012new,
  title={A new class of high-order energy stable flux reconstruction schemes for triangular elements},
  author={Castonguay, Patrice and Vincent, Peter E and Jameson, Antony},
  journal={Journal of Scientific Computing},
  volume={51},
  number={1},
  pages={224--256},
  year={2012},
  publisher={Springer}
}

@article{williams2014energy,
  title={Energy stable flux reconstruction schemes for advection--diffusion problems on tetrahedra},
  author={Williams, DM and Jameson, A},
  journal={Journal of Scientific Computing},
  volume={59},
  number={3},
  pages={721--759},
  year={2014},
  publisher={Springer}
}

@article{asthana2014high,
  title={High-Order Flux Reconstruction Schemes with Minimal Dispersion and Dissipation},
  author={Asthana, Kartikey and Jameson, Antony},
  journal={Journal of Scientific Computing},
  pages={1--32},
  year={2014},
  publisher={Springer}
}

@article{Peraire08,
   author =   {J. Peraire and P. Persson},
   title =    {The Compact Discontinuous Galerkin (CDG) Method for Elliptic Problems},
   journal =  {SIAM Journal of Scientific Computing},
   volume =   {30},
   pages =    {1806-1824},
   year =     2008
}


@article{Liu06,
  author = 	 {Y. Liu, M. Vinokur, Z. Wang},
  title = 	 {Spectral difference methods for unstructured grids I: basic formulation},
  journal = 	 {Journal of Scientific Computing},
   volume =   {216},
   pages =    {780-801},
   year =     2006
}

@article{Bassi97,
   author =   {F.Bassi and S. Rebay},
   title =    {A high-order accurate discontinuous finite element method for the numerical solution of the compressible Navier-Stokes equations},
   journal =  {Journal of Computational Physics},
   volume =   {131},
   pages =    {267-279},
   year =     1997
}

@article{Bassi00,
   author =   {F.Bassi and S. Rebay},
   title =    {A high order discontinuous galerkin method for compressible turbulent flows},
   journal =  {Springer: Lecture notes in computational science and engineering: Discontinuous Galerkin methods: Theory, Computation, and Application},
   volume =   {1},
   pages =    {77-88},
   year =     2000
}

@article{Hesthaven08,
   author =   {J. Hesthaven and T. Warburton},
   title =    {Nodal Discontinuous Galerkin Methods: Algorithms, Analysis, and Applications},
   journal =  {Springer: Texts in Applied Mathematics},
   volume =   {1},
   pages =    {20-39},
   year =     2000@article{han00,
   author =   	{J. Han, S. Dutta, and S. V. Ekkad},
   title =   	{Gas Turbine Heat Transfer and Cooling Technology},
   publisher =  {Taylor & Francis},
   address = 	{New York},
   year =     	2000
}

}

@article{Kopriva96,
   author =   {D. A. Kopriva and J. H. Kolias},
   title =    {A Conservative Staggered-Grid Chebyshev Multidomain Method for Compressible Flows},
   journal =  {Journal of Computational Physics},
   volume =   {125},
   pages =    {244-261},
   year =     1996
}

@article{Roe81,
   author =   {P. L. Roe},
   title =    {Approximate Riemann Solvers, Parameter Vectors and Difference Schemes},
   journal =  {Journal of Computational Physics},
   volume =   {43},
   pages =    {357-372},
   year =     1981
}

@book{han00,
  title={Gas turbine heat transfer and cooling technology},
  author={Han, J.C.},
  year={2001},
  publisher={Taylor \& Francis}
}

@article{reed73,
  title={Triangular Mesh Methods for the Neutron Transport Equation},
  author={Reed, W. H. and Hill, T. R.},
  journal={Los Alamos Report LA-UR-73-479},
  year={1973}
}

@article{vincent2011insights,
  title={Insights from von Neumann analysis of high-order flux reconstruction schemes},
  author={Vincent, Peter E and Castonguay, Patrice and Jameson, Antony},
  journal={Journal of Computational Physics},
  volume={230},
  number={22},
  pages={8134--8154},
  year={2011},
  publisher={Elsevier}
}

@article{huynh2009reconstruction,
  title={A reconstruction approach to high-order schemes including discontinuous Galerkin for diffusion},
  author={Huynh, Hung T},
  journal={AIAA paper},
  volume={403},
  pages={2009},
  year={2009}
}

@article{allaneau2011connections,
  title={Connections between the filtered discontinuous Galerkin method and the flux reconstruction approach to high order discretizations},
  author={Allaneau, Y and Jameson, A},
  journal={Computer Methods in Applied Mechanics and Engineering},
  volume={200},
  number={49},
  pages={3628--3636},
  year={2011},
  publisher={Elsevier}
}

@article{lodato2014structural,
  title={Structural Wall-modeled LES Using a High-order Spectral Difference Scheme for Unstructured Meshes},
  author={Lodato, Guido and Castonguay, Patrice and Jameson, Antony},
  journal={Flow, Turbulence and Combustion},
  volume={92},
  number={1-2},
  pages={579--606},
  year={2014},
  publisher={Springer}
}
